<?xml version="1.0" encoding="UTF-8"?>
<marc:record xmlns:marc="http://www.loc.gov/MARC21/slim" xmlns:xsi="http://www.w3.org/2001/XMLSchema-instance" xsi:schemaLocation="http://www.loc.gov/standards/marcxml/schema/MARC21slim.xsd">
  <marc:leader>00000ncd a2200000 u 4500</marc:leader>
  <marc:controlfield tag="001">1001065067</marc:controlfield>
  <marc:controlfield tag="003">DE-633</marc:controlfield>
  <marc:controlfield tag="005">20200420123530.0</marc:controlfield>
  <marc:datafield tag="031" ind1=" " ind2=" ">
    <marc:subfield code="a">1</marc:subfield>
    <marc:subfield code="b">1</marc:subfield>
    <marc:subfield code="c">1</marc:subfield>
    <marc:subfield code="d">Vivace</marc:subfield>
    <marc:subfield code="g">G-2</marc:subfield>
    <marc:subfield code="m">pf</marc:subfield>
    <marc:subfield code="n">xF</marc:subfield>
    <marc:subfield code="o">c/</marc:subfield>
    <marc:subfield code="p">1-/1-/'4.D8-'4.B6-''6E/''2.D8-6-'''6C/''1B/''2G2-/''2...F6E/''2A2-/</marc:subfield>
    <marc:subfield code="q">Leggieramente</marc:subfield>
    <marc:subfield code="r">G</marc:subfield>
    <marc:subfield code="2">pe</marc:subfield>
  </marc:datafield>
  <marc:datafield tag="040" ind1=" " ind2=" ">
    <marc:subfield code="a">DE-633</marc:subfield>
  </marc:datafield>
  <marc:datafield tag="100" ind1="1" ind2=" ">
    <marc:subfield code="a">Chopin, Fryderyk Franciszek</marc:subfield>
    <marc:subfield code="d">1810-1849</marc:subfield>
    <marc:subfield code="j">Ascertained</marc:subfield>
    <marc:subfield code="0">pe51160</marc:subfield>
  </marc:datafield>
  <marc:datafield tag="240" ind1="1" ind2="0">
    <marc:subfield code="a">Preludes</marc:subfield>
    <marc:subfield code="m">pf</marc:subfield>
    <marc:subfield code="n">op. 28/3</marc:subfield>
    <marc:subfield code="n">ChomTurC 168</marc:subfield>
    <marc:subfield code="r">G</marc:subfield>
    <marc:subfield code="0">3900747</marc:subfield>
  </marc:datafield>
  <marc:datafield tag="245" ind1="1" ind2="0">
    <marc:subfield code="a">III.</marc:subfield>
  </marc:datafield>
  <marc:datafield tag="300" ind1=" " ind2=" ">
    <marc:subfield code="a">1 part</marc:subfield>
    <marc:subfield code="8">01</marc:subfield>
    <marc:subfield code="3"/>
  </marc:datafield>
  <marc:datafield tag="300" ind1=" " ind2=" ">
    <marc:subfield code="c">33,0 x 25,5 cm</marc:subfield>
    <marc:subfield code="3">51007321</marc:subfield>
  </marc:datafield>
  <marc:datafield tag="300" ind1=" " ind2=" ">
    <marc:subfield code="c">33,0 x 26,0 cm</marc:subfield>
    <marc:subfield code="3">51003850</marc:subfield>
  </marc:datafield>
  <marc:datafield tag="383" ind1=" " ind2=" ">
    <marc:subfield code="b">op. 28/3</marc:subfield>
  </marc:datafield>
  <marc:datafield tag="500" ind1=" " ind2=" ">
    <marc:subfield code="a">TP: publisher’s oval stamp with handwritten initials "C P" in centre.</marc:subfield>
    <marc:subfield code="3">51007321</marc:subfield>
  </marc:datafield>
  <marc:datafield tag="500" ind1=" " ind2=" ">
    <marc:subfield code="a">Pencil annotations: corrections and additions concerning fingering, dynamics, phrasing, accidentals; p. 6 no IV, p. 8 no VI, p. 9 no VIII, p. 13 no IX, p. 15 no XI.</marc:subfield>
    <marc:subfield code="3">51007321</marc:subfield>
  </marc:datafield>
  <marc:datafield tag="500" ind1=" " ind2=" ">
    <marc:subfield code="a">Recto pages, at the top (right corner): numbers 124-133 added in pencil.</marc:subfield>
    <marc:subfield code="3">51007321</marc:subfield>
  </marc:datafield>
  <marc:datafield tag="500" ind1=" " ind2=" ">
    <marc:subfield code="a">TP: publisher’s oval stamp with handwritten initials "C P" in centre.</marc:subfield>
    <marc:subfield code="3">51003850</marc:subfield>
  </marc:datafield>
  <marc:datafield tag="500" ind1=" " ind2=" ">
    <marc:subfield code="a">This source is in the collection, comprising four bound volumes containing a representative selection of the first editions of Chopin's works published by various publishers.</marc:subfield>
    <marc:subfield code="3">51003850</marc:subfield>
  </marc:datafield>
  <marc:datafield tag="500" ind1=" " ind2=" ">
    <marc:subfield code="a">Preludes op. 28, Book 1 as shelfmark 6583/n in volume I; together with the shelmarks: 6582/n, 6584/n, 6585/n, 6586/n, 6587/n, 6588/n, 6589/n.</marc:subfield>
    <marc:subfield code="3">51003850</marc:subfield>
  </marc:datafield>
  <marc:datafield tag="500" ind1=" " ind2=" ">
    <marc:subfield code="a">Hard cover, colorful pattern. The back and corners of the cover are reinforced with beige material. Red decorative sticker in center of the cover with title: FREDERIC | CHOPIN. | VOL. I., same inscription is on the back of the cover; embossed, gold letters.</marc:subfield>
    <marc:subfield code="3">51003850</marc:subfield>
  </marc:datafield>
  <marc:datafield tag="506" ind1=" " ind2=" ">
    <marc:subfield code="a">Treasury of the Fryderyk Chopin Museum in Warsaw</marc:subfield>
    <marc:subfield code="3">51007321</marc:subfield>
  </marc:datafield>
  <marc:datafield tag="506" ind1=" " ind2=" ">
    <marc:subfield code="a">Treasury of the LIbrary</marc:subfield>
    <marc:subfield code="3">51003850</marc:subfield>
  </marc:datafield>
  <marc:datafield tag="561" ind1=" " ind2=" ">
    <marc:subfield code="a">purchase in 2017</marc:subfield>
    <marc:subfield code="3">51003850</marc:subfield>
  </marc:datafield>
  <marc:datafield tag="590" ind1=" " ind2=" ">
    <marc:subfield code="a">pf</marc:subfield>
    <marc:subfield code="b">p. 4-5</marc:subfield>
    <marc:subfield code="8">01</marc:subfield>
  </marc:datafield>
  <marc:datafield tag="593" ind1=" " ind2=" ">
    <marc:subfield code="a">Print</marc:subfield>
    <marc:subfield code="8">01</marc:subfield>
  </marc:datafield>
  <marc:datafield tag="593" ind1=" " ind2=" ">
    <marc:subfield code="a">Print with non-autograph annotations</marc:subfield>
    <marc:subfield code="3">51007321</marc:subfield>
  </marc:datafield>
  <marc:datafield tag="594" ind1=" " ind2=" ">
    <marc:subfield code="b">pf</marc:subfield>
    <marc:subfield code="c">1</marc:subfield>
  </marc:datafield>
  <marc:datafield tag="594" ind1=" " ind2=" ">
    <marc:subfield code="a">pf</marc:subfield>
  </marc:datafield>
  <marc:datafield tag="599" ind1=" " ind2=" ">
    <marc:subfield code="b">full</marc:subfield>
  </marc:datafield>
  <marc:datafield tag="650" ind1="0" ind2="7">
    <marc:subfield code="a">Preludes</marc:subfield>
    <marc:subfield code="0">25204</marc:subfield>
  </marc:datafield>
  <marc:datafield tag="690" ind1=" " ind2="7">
    <marc:subfield code="a">ChomTurC</marc:subfield>
    <marc:subfield code="n">168</marc:subfield>
    <marc:subfield code="0">lit30000031</marc:subfield>
  </marc:datafield>
  <marc:datafield tag="773" ind1="1" ind2="8">
    <marc:subfield code="w">1001065063</marc:subfield>
  </marc:datafield>
  <marc:datafield tag="852" ind1=" " ind2=" ">
    <marc:subfield code="a">PL-Wnifc</marc:subfield>
    <marc:subfield code="e">Narodowy Instytut Fryderyka Chopina</marc:subfield>
    <marc:subfield code="x">ks51003139</marc:subfield>
    <marc:subfield code="3">51007321</marc:subfield>
    <marc:subfield code="c">M/176</marc:subfield>
    <marc:subfield code="p"/>
    <marc:subfield code="q"/>
    <marc:subfield code="u"/>
    <marc:subfield code="z"/>
  </marc:datafield>
  <marc:datafield tag="852" ind1=" " ind2=" ">
    <marc:subfield code="a">PL-Wnifc</marc:subfield>
    <marc:subfield code="b">Biblioteka Narodowego Instytutu Fryderyka Chopina</marc:subfield>
    <marc:subfield code="e">Narodowy Instytut Fryderyka Chopina</marc:subfield>
    <marc:subfield code="x">ks51003139</marc:subfield>
    <marc:subfield code="3">51003850</marc:subfield>
    <marc:subfield code="c">6583/n</marc:subfield>
    <marc:subfield code="p"/>
    <marc:subfield code="q"/>
    <marc:subfield code="u"/>
    <marc:subfield code="z"/>
  </marc:datafield>
  <marc:datafield tag="973" ind1=" " ind2=" ">
    <marc:subfield code="u">1001129120</marc:subfield>
    <marc:subfield code="3">51007321</marc:subfield>
  </marc:datafield>
  <marc:datafield tag="973" ind1=" " ind2=" ">
    <marc:subfield code="u">1001147214</marc:subfield>
    <marc:subfield code="3">51003850</marc:subfield>
  </marc:datafield>
  <marc:datafield tag="980" ind1=" " ind2=" ">
    <marc:subfield code="a">RISM</marc:subfield>
    <marc:subfield code="c">examined</marc:subfield>
  </marc:datafield>
</marc:record>
